<record><leader>00000cas a2200000 a 4500</leader><controlfield tag="001">9405257</controlfield><controlfield tag="008">830413d18571861mouwr ne      0   a0eng c</controlfield><datafield ind1=" " ind2=" " tag="010"><subfield code="a">sn 83025340 </subfield></datafield><datafield ind1=" " ind2=" " tag="040"><subfield code="a">NPV</subfield><subfield code="b">eng</subfield><subfield code="c">NPV</subfield><subfield code="d">DLC</subfield><subfield code="d">NPT</subfield><subfield code="d">MQN</subfield><subfield code="d">CVF</subfield><subfield code="d">OCL</subfield><subfield code="d">CVF</subfield><subfield code="d">OCLCQ</subfield><subfield code="d">OCLCF</subfield><subfield code="d">OCLCO</subfield></datafield><datafield ind1=" " ind2=" " tag="042"><subfield code="a">pcc</subfield></datafield><datafield ind1=" " ind2=" " tag="043"><subfield code="a">n-us-mo</subfield></datafield><datafield ind1=" " ind2=" " tag="045"><subfield code="a">w5w6</subfield></datafield><datafield ind1="0" ind2="0" tag="050"><subfield code="a">Newspaper</subfield></datafield><datafield ind1=" " ind2=" " tag="052"><subfield code="a">4163</subfield><subfield code="b">J2</subfield></datafield><datafield ind1="0" ind2=" " tag="130"><subfield code="a">Western journal of commerce (Kansas City, Mo. : 1857)</subfield></datafield><datafield ind1="1" ind2="0" tag="245"><subfield code="a">Western journal of commerce.</subfield></datafield><datafield ind1="1" ind2="3" tag="246"><subfield code="a">Weekly western journal of commerce</subfield></datafield><datafield ind1="1" ind2="3" tag="246"><subfield code="a">Weekly journal of commerce</subfield><subfield code="f">Oct. 24-Dec. 12, 1857</subfield></datafield><datafield ind1=" " ind2=" " tag="260"><subfield code="a">City of Kansas [Kansas City, Mo.] :</subfield><subfield code="b">Van Horn &amp; Abeel,</subfield><subfield code="c">-1861.</subfield></datafield><datafield ind1=" " ind2=" " tag="300"><subfield code="a">v. :</subfield><subfield code="b">ill.</subfield></datafield><datafield ind1=" " ind2=" " tag="310"><subfield code="a">Weekly</subfield></datafield><datafield ind1="1" ind2=" " tag="362"><subfield code="a">Began with Oct. 10, 1857 issue.</subfield></datafield><datafield ind1="0" ind2=" " tag="362"><subfield code="a">-v. 7, no. 20 (Feb. 14, 1861).</subfield></datafield><datafield ind1=" " ind2=" " tag="580"><subfield code="a">Daily eds.: Kansas City daily western journal of commerce, June 15, 1858-Dec. 11, 1859; Daily Kansas City journal of commerce, Dec. 13, 1859-Aug. 2, 1860; Daily Kansas City western journal of commerce (Kansas City, Mo. : 1860), Aug 3, 1860-Feb. 14, 1861.</subfield></datafield><datafield ind1=" " ind2=" " tag="588"><subfield code="a">Description based on: Vol. 4, no. 2 (Oct. 17, 1857).</subfield></datafield><datafield ind1=" " ind2="0" tag="651"><subfield code="a">Kansas City (Mo.)</subfield><subfield code="v">Newspapers.</subfield></datafield><datafield ind1=" " ind2="7" tag="655"><subfield code="a">Newspapers.</subfield><subfield code="2">fast</subfield><subfield code="0">(OCoLC)fst01423814</subfield></datafield><datafield ind1=" " ind2="7" tag="651"><subfield code="a">Missouri</subfield><subfield code="z">Kansas City.</subfield><subfield code="2">fast</subfield><subfield code="0">(OCoLC)fst01204999</subfield></datafield><datafield ind1=" " ind2=" " tag="752"><subfield code="a">United States</subfield><subfield code="b">Missouri</subfield><subfield code="c">Jackson</subfield><subfield code="d">Kansas City.</subfield></datafield><datafield ind1="1" ind2=" " tag="775"><subfield code="t">Kansas City daily western journal of commerce</subfield><subfield code="w">(DLC)sn 84020056</subfield></datafield><datafield ind1="1" ind2=" " tag="775"><subfield code="t">Daily Kansas City journal of commerce</subfield><subfield code="w">(DLC)sn 84020057</subfield></datafield><datafield ind1="1" ind2=" " tag="775"><subfield code="t">Daily Kansas City western journal of commerce (Kansas City, Mo. : 1860)</subfield><subfield code="w">(DLC)sn 84020058</subfield></datafield><datafield ind1="0" ind2="0" tag="780"><subfield code="t">Kansas City enterprise</subfield><subfield code="w">(DLC)sn 83025339</subfield></datafield><datafield ind1="0" ind2="0" tag="785"><subfield code="t">Weekly western journal of commerce (Kansas City, Mo. : 1861)</subfield><subfield code="w">(DLC)sn 84020052</subfield></datafield></record>